<record><leader>00000cas a22000007i 4500</leader><controlfield tag="001">909027116</controlfield><controlfield tag="008">150515c20159999moucr n       0   a0eng  </controlfield><datafield ind1=" " ind2=" " tag="010"><subfield code="a">  2015201237</subfield></datafield><datafield ind1=" " ind2=" " tag="040"><subfield code="a">DLC</subfield><subfield code="b">eng</subfield><subfield code="e">rda</subfield><subfield code="c">DLC</subfield><subfield code="d">DLC</subfield></datafield><datafield ind1=" " ind2=" " tag="012"><subfield code="l">1</subfield></datafield><datafield ind1="0" ind2=" " tag="022"><subfield code="a">2379-2051</subfield><subfield code="2">1</subfield></datafield><datafield ind1=" " ind2=" " tag="032"><subfield code="a">015580</subfield><subfield code="b">USPS</subfield></datafield><datafield ind1=" " ind2=" " tag="037"><subfield code="b">Macon the News, P.O. Box 636, Macon, MO  63552</subfield></datafield><datafield ind1=" " ind2=" " tag="042"><subfield code="a">nsdp</subfield><subfield code="a">pcc</subfield></datafield><datafield ind1="1" ind2="0" tag="050"><subfield code="a">ISSN RECORD</subfield></datafield><datafield ind1="1" ind2="0" tag="082"><subfield code="a">070</subfield><subfield code="2">23</subfield></datafield><datafield ind1=" " ind2="0" tag="222"><subfield code="a">Macon the news</subfield></datafield><datafield ind1="0" ind2="0" tag="245"><subfield code="a">Macon the news</subfield></datafield><datafield ind1="1" ind2=" " tag="246"><subfield code="a">Macon</subfield></datafield><datafield ind1=" " ind2="1" tag="264"><subfield code="a">Macon, MO :</subfield><subfield code="b">Power Triangle Media, LLC</subfield></datafield><datafield ind1=" " ind2=" " tag="310"><subfield code="a">Semiweekly (Wednesday and Saturday)</subfield></datafield><datafield ind1=" " ind2=" " tag="336"><subfield code="a">text</subfield><subfield code="b">txt</subfield><subfield code="2">rdacontent</subfield></datafield><datafield ind1=" " ind2=" " tag="337"><subfield code="a">unmediated</subfield><subfield code="b">n</subfield><subfield code="2">rdamedia</subfield></datafield><datafield ind1=" " ind2=" " tag="338"><subfield code="a">volume</subfield><subfield code="b">nc</subfield><subfield code="2">rdacarrier</subfield></datafield><datafield ind1="1" ind2=" " tag="362"><subfield code="a">Began with: Volume 1, issue 1 (January 21, 2015)</subfield></datafield><datafield ind1=" " ind2=" " tag="588"><subfield code="a">Description based on Volume 1, issue 15 (March 11, 2015) ; title from masthead.</subfield></datafield><datafield ind1=" " ind2=" " tag="588"><subfield code="a">Latest issue consulted: Voluem 1, issue 15 (March 11, 2015).</subfield></datafield><datafield ind1="4" ind2="2" tag="856"><subfield code="u">http://maconthenews.com/</subfield></datafield></record>